<record><leader>00000cas a22000007a 4500</leader><controlfield tag="001">19534657</controlfield><controlfield tag="008">890411d19uu1991gauwr ne      0    0eng d</controlfield><datafield ind1=" " ind2=" " tag="010"><subfield code="a">sn 89053334 </subfield></datafield><datafield ind1=" " ind2=" " tag="040"><subfield code="a">NLG</subfield><subfield code="b">eng</subfield><subfield code="c">NLG</subfield><subfield code="d">NSD</subfield><subfield code="d">GUA</subfield><subfield code="d">OCLCQ</subfield><subfield code="d">OCLCF</subfield><subfield code="d">OCLCO</subfield></datafield><datafield ind1="1" ind2=" " tag="029"><subfield code="a">AU@</subfield><subfield code="b">000020566482</subfield></datafield><datafield ind1=" " ind2=" " tag="042"><subfield code="a">msc</subfield></datafield><datafield ind1=" " ind2=" " tag="043"><subfield code="a">n-us-ga</subfield></datafield><datafield ind1="0" ind2="4" tag="245"><subfield code="a">The Lyons progress.</subfield></datafield><datafield ind1=" " ind2=" " tag="260"><subfield code="a">Lyons, Ga. :</subfield><subfield code="b">L.W. Moore,</subfield><subfield code="c">-[1991]</subfield></datafield><datafield ind1=" " ind2=" " tag="300"><subfield code="a">v.</subfield></datafield><datafield ind1=" " ind2=" " tag="310"><subfield code="a">Weekly</subfield></datafield><datafield ind1="0" ind2=" " tag="362"><subfield code="a">-v. 92, no. 26 (June 27, 1991).</subfield></datafield><datafield ind1=" " ind2=" " tag="530"><subfield code="a">Also on microfilm: Athens, Ga. : University of Georgia Libraries.</subfield></datafield><datafield ind1=" " ind2=" " tag="580"><subfield code="a">Merged with: Advance (Vidalia, Ga.), to form: Advance-progress (Vidalia, Ga.).</subfield></datafield><datafield ind1=" " ind2=" " tag="588"><subfield code="a">Description based on: Vol. 7, no. 49 (Jan. 6, 1911).</subfield></datafield><datafield ind1=" " ind2="0" tag="651"><subfield code="a">Lyons (Ga.)</subfield><subfield code="v">Newspapers.</subfield></datafield><datafield ind1=" " ind2="0" tag="651"><subfield code="a">Toombs County (Ga.)</subfield><subfield code="v">Newspapers.</subfield></datafield><datafield ind1=" " ind2="7" tag="655"><subfield code="a">Newspapers.</subfield><subfield code="2">fast</subfield><subfield code="0">(OCoLC)fst01423814</subfield></datafield><datafield ind1=" " ind2="7" tag="651"><subfield code="a">Georgia</subfield><subfield code="z">Lyons.</subfield><subfield code="2">fast</subfield><subfield code="0">(OCoLC)fst01217058</subfield></datafield><datafield ind1=" " ind2="7" tag="651"><subfield code="a">Georgia</subfield><subfield code="z">Toombs County.</subfield><subfield code="2">fast</subfield><subfield code="0">(OCoLC)fst01212297</subfield></datafield><datafield ind1=" " ind2=" " tag="752"><subfield code="a">United States</subfield><subfield code="b">Georgia</subfield><subfield code="c">Toombs</subfield><subfield code="d">Lyons.</subfield></datafield><datafield ind1="1" ind2="7" tag="785"><subfield code="t">Advance (Vidalia, Ga.)</subfield><subfield code="w">(DLC)sn 89053368</subfield><subfield code="w">(OCoLC)19560671</subfield></datafield><datafield ind1="1" ind2="7" tag="785"><subfield code="t">Advance-progress (Vidalia, Ga)</subfield><subfield code="x">1059-3608</subfield><subfield code="w">(DLC)sn 91099141</subfield><subfield code="w">(OCoLC)24070885</subfield></datafield></record>